@article{Koh20070.13-mArrays,
    title = {{0.13-{$\mu$}m CMOS phase shifters for X-, Ku-, and K-band phased arrays}},
    year = {2007},
    journal = {IEEE Journal of Solid-State Circuits},
    author = {Koh, Kwang Jin and Rebeiz, Gabriel M.},
    number = {11},
    month = {11},
    pages = {2535--2546},
    volume = {42},
    doi = {10.1109/JSSC.2007.907225},
    issn = {00189200},
    keywords = {Active phase shifters, CMOS analog integrated circuits, Phased arrays, quadrature networks}
}

@article{Park2012ACompensation,
    title = {{A CMOS voltage controlled continuous phase shifter with active loss compensation}},
    year = {2012},
    journal = {IEEE Microwave and Wireless Components Letters},
    author = {Park, Yunseo},
    number = {8},
    pages = {421--423},
    volume = {22},
    doi = {10.1109/LMWC.2012.2207095},
    issn = {15311309},
    keywords = {Active inductor, CMOS, insertion loss, linearity, loss compensation, variation, voltage controlled phase shifter (VPS)}
}

@article{Diaz2016ARadars,
    title = {{A dual-polarized cross-stacked patch antenna with wide-angle and low cross-polarization for fully digital multifunction phased array radars}},
    year = {2016},
    journal = {IEEE International Symposium on Phased Array Systems and Technology},
    author = {Diaz, Jose D. and Salazar, Jorge L. and Ortiz, Javier A. and Fulton, Caleb and Aboserwal, Nafati and Kelley, Redmond and Palmer, Robert},
    month = {7},
    volume = {0},
    publisher = {Institute of Electrical and Electronics Engineers Inc.},
    isbn = {9781509014477},
    doi = {10.1109/ARRAY.2016.7832546},
    keywords = {Aperture coupled, Cross-stacked patch, Dual-polarized, Microstrip patch antenna, Multifunction phased array radar (MPAR), Phased array radar, Stacked patch, Wide angle, Wide band}
}

@article{Wu2018AInductors,
    title = {{A fully integrated voltage controlled phase shifter with lossless active inductors}},
    year = {2018},
    journal = {Proceedings - 2018 7th International Symposium on Next-Generation Electronics, ISNE 2018},
    author = {Wu, Tsung Ying and Yang, Jeng Rern},
    month = {6},
    pages = {1--3},
    publisher = {Institute of Electrical and Electronics Engineers Inc.},
    isbn = {9781538614457},
    doi = {10.1109/ISNE.2018.8394649},
    keywords = {MOS varactor, active inductor, beam-former, phase shifter}
}

@article{Mitilineos2005AImplementation,
    title = {{A new active RF phase shifter using variable gain, drain voltage controlled PHEMTs: A 2.4-GHz ISM implementation}},
    year = {2005},
    journal = {IEEE Microwave and Wireless Components Letters},
    author = {Mitilineos, Stelios A. and Mitropoulos, George K. and Capsalis, Christos N.},
    number = {7},
    month = {7},
    pages = {454--456},
    volume = {15},
    doi = {10.1109/LMWC.2005.851555},
    issn = {15311309},
    keywords = {Vector summing, Voltage controlled amplifier, Voltage controlled phase shifter}
}

@article{Bailleul2016AArrays,
    title = {{A New Era in Elemental Digital Beamforming for Spaceborne Communications Phased Arrays}},
    year = {2016},
    journal = {Proceedings of the IEEE},
    author = {Bailleul, Patrick K.},
    number = {3},
    month = {3},
    pages = {623--632},
    volume = {104},
    publisher = {Institute of Electrical and Electronics Engineers Inc.},
    doi = {10.1109/JPROC.2015.2511661},
    issn = {15582256},
    keywords = {Digital array, digital beamformer, digital beamforming (DBF), digital phased array, elemental digital beamforming}
}

@article{Jang2018ABeamformer,
    title = {{A true time delay 16-element 4-beam digital beamformer}},
    year = {2018},
    journal = {Digest of Papers - IEEE Radio Frequency Integrated Circuits Symposium},
    author = {Jang, Sunmin and Lu, Rundao and Jeong, Jaehun and Flynn, Michael P.},
    month = {8},
    pages = {12--15},
    volume = {2018-June},
    publisher = {Institute of Electrical and Electronics Engineers Inc.},
    isbn = {9781538645451},
    doi = {10.1109/RFIC.2018.8429016},
    issn = {15292517},
    keywords = {Digital beamforming, MIMO, delay line, linear array, linearity, phased-array, receiver, true time delay}
}

@article{Tadayon2022ANetwork,
    title = {{A Wide-Angle Scanning Phased Array Antenna with Non-Reciprocal Butler Matrix Beamforming Network}},
    year = {2022},
    journal = {IEEE International Symposium on Phased Array Systems and Technology},
    author = {Tadayon, Hamed and Ardakani, Mansoor Dashti and Karimian, Reza and Ahmadi, Shahrokh and Zaghloul, Mona},
    volume = {2022-October},
    publisher = {Institute of Electrical and Electronics Engineers Inc.},
    isbn = {9781665441667},
    doi = {10.1109/PAST49659.2022.9975077},
    keywords = {Butler matrix, beam switched antenna, high pass filter, low pass filter, non-reciprocal antenna}
}

@article{Li2016All-OpticalControl,
    title = {{All-Optical Photonic Microwave Phase Shifter Requiring only a Single DC Voltage Control}},
    year = {2016},
    journal = {IEEE Photonics Journal},
    author = {Li, T. and Chan, E. H.W. and Wang, X. and Feng, X. and Guan, B.},
    number = {4},
    month = {8},
    volume = {8},
    publisher = {Institute of Electrical and Electronics Engineers Inc.},
    doi = {10.1109/JPHOT.2016.2577710},
    issn = {19430655},
    keywords = {Radio frequency photonics, Wideband phase shifters, analog optical signal processing, fiber optics links and subsystems}
}

@article{Spencer2004AnDownlink,
    title = {{An introduction to the multi-user MIMO downlink}},
    year = {2004},
    journal = {IEEE Communications Magazine},
    author = {Spencer, Quentin H. and Peel, Christian B. and Swindlehurst, A. Lee and Haardt, Martin},
    number = {10},
    pages = {60--67},
    volume = {42},
    publisher = {Institute of Electrical and Electronics Engineers Inc.},
    doi = {10.1109/MCOM.2004.1341262},
    issn = {01636804}
}

@book{ConstantineA.Balanis2016AntennaDesign,
    title = {{Antenna Theory: Analysis and Design}},
    year = {2016},
    author = {{Constantine A. Balanis}},
    edition = {4th Edition},
    pages = {1104},
    publisher = {Wiley},
    url = {https://www.wiley.com/en-us/Antenna+Theory%3A+Analysis+and+Design%2C+4th+Edition-p-9781118642061},
    isbn = {978-1-118-64206-1}
}

@book{Harish2007AntennasPropagation,
    title = {{Antennas and Wave Propagation}},
    year = {2007},
    author = {Harish, Ayyangar and Sachidananda, M},
    edition = {1},
    publisher = {Oxford University Press},
    isbn = {978‐0‐19‐568666‐1}
}

@article{Lu2019ApplicationsSystem,
    title = {{Applications of microsystem technology in digital beamforming SAR system}},
    year = {2019},
    journal = {2019 6th Asia-Pacific Conference on Synthetic Aperture Radar, APSAR 2019},
    author = {Lu, Jiaguo},
    month = {11},
    publisher = {Institute of Electrical and Electronics Engineers Inc.},
    isbn = {9781728129129},
    doi = {10.1109/APSAR46974.2019.9048488},
    keywords = {digital array module, digital beamforming SAR, microsystem}
}

@article{Lv2020AsymmetricArray,
    title = {{Asymmetric metasurface antenna with opposite currents for wide beam and low profile wide-angle scanning phased array}},
    year = {2020},
    journal = {14th European Conference on Antennas and Propagation, EuCAP 2020},
    author = {Lv, Yan He and Ding, Xiao and Wang, Bing Zhong},
    month = {3},
    publisher = {Institute of Electrical and Electronics Engineers Inc.},
    isbn = {9788831299008},
    doi = {10.23919/EUCAP48036.2020.9135238},
    keywords = {metasurface, parasitic patch antenna, phased array, wide-angle scanning}
}

@article{Nikfalazar2016BeamFilms,
    title = {{Beam steering phased array antenna with fully printed phase shifters based on low-temperature sintered bst-composite thick films}},
    year = {2016},
    journal = {IEEE Microwave and Wireless Components Letters},
    author = {Nikfalazar, Mohammad and Kohler, Christian and Wiens, Alex and Mehmood, Arshad and Sohrabi, Mojtaba and Maune, Holger and Binder, Joachim R. and Jakoby, Rolf},
    number = {1},
    month = {1},
    pages = {70--72},
    volume = {26},
    publisher = {Institute of Electrical and Electronics Engineers Inc.},
    doi = {10.1109/LMWC.2015.2505633},
    issn = {15311309}
}

@article{Navidpour2007BERDiversity,
    title = {{BER performance of free-space optical transmission with spatial diversity}},
    year = {2007},
    journal = {IEEE Transactions on Wireless Communications},
    author = {Navidpour, S. Mohammad and Uysal, Murat and Kavehrad, Mohsen},
    number = {8},
    month = {8},
    pages = {2813--2819},
    volume = {6},
    doi = {10.1109/TWC.2007.06109},
    issn = {15361276},
    keywords = {Atmospheric turbulence, Bit error rate, Error rate performance analysis, Free space optical communication, Log-normal channel, MIMO}
}

@article{Li2022ConformalSystems,
    title = {{Conformal Array Antenna for Applications in Wide-Scanning Phased Array Antenna Systems}},
    year = {2022},
    journal = {IEEE Antennas and Wireless Propagation Letters},
    author = {Li, An and Qu, Shi Wei and Yang, Shiwen},
    number = {9},
    month = {9},
    pages = {1762--1766},
    volume = {21},
    publisher = {Institute of Electrical and Electronics Engineers Inc.},
    doi = {10.1109/LAWP.2022.3179404},
    issn = {15485757},
    keywords = {Beam scanning, conformal antenna, phased array}
}

@phdthesis{Caswell2002DesignSizes,
    title = {{Design and Analysis of Star Spiral with Application to Wideband Arrays with Variable Element Sizes}},
    year = {2002},
    author = {Caswell, Eric D.},
    month = {1},
    publisher = {Virginia Tech},
    url = {https://vtechworks.lib.vt.edu/handle/10919/25963},
    keywords = {Frequency Independent Antennas, Slow, Spiral Antennas, Wideband Arrays, wave Spirals}
}

@article{Singh2008DesignApplications,
    title = {{Design and realisation of S-band GaAs MMIC two bit phase shifter for phase array radar antenna applications}},
    year = {2008},
    journal = {2008 International Conference of Recent Advances in Microwave Theory and Applications, MICROWAVE 2008},
    author = {Singh, Shib Shankar},
    pages = {574--577},
    isbn = {9781424426904},
    doi = {10.1109/AMTA.2008.4762981},
    keywords = {High pass filter, Low pass filter, MESFETs etc, Phase shifter, Switching network}
}

@article{Khumar2018DesignApplications,
    title = {{Design of Archimedean Spiral Antenna for Radar Applications}},
    year = {2018},
    journal = {International Journal of Pure and Applied Mathematics},
    author = {Khumar, Rajesh and Jeevitha, E and Keerthi, V and Kiruthika, S and Manimekalai, V},
    number = {15},
    pages = {315--319},
    volume = {119}
}

@article{Mehana2012DiversityReceivers,
    title = {{Diversity of MMSE MIMO receivers}},
    year = {2012},
    journal = {IEEE Transactions on Information Theory},
    author = {Mehana, Ahmed Hesham and Nosratinia, Aria},
    number = {11},
    pages = {6788--6805},
    volume = {58},
    doi = {10.1109/TIT.2012.2204954},
    issn = {00189448},
    arxivId = {1102.1462},
    keywords = {Diversity, linear receiver, minimum mean square error (MMSE), multiple-input multiple-output (MIMO)}
}

@article{Sarkar2006EffectRadar,
    title = {{Effect of element characteristic on the scanning range of a phased array radar}},
    year = {2006},
    journal = {CIE International Conference of Radar Proceedings},
    author = {Sarkar, Binay K.},
    publisher = {Institute of Electrical and Electronics Engineers Inc.},
    isbn = {0780395824},
    doi = {10.1109/ICR.2006.343198},
    keywords = {Phased array radar, Scanned range, Scanning radar, etc}
}

@article{Sarkar2006EffectRadarb,
    title = {{Effect of element characteristic on the scanning range of a phased array radar}},
    year = {2006},
    journal = {CIE International Conference of Radar Proceedings},
    author = {Sarkar, Binay K.},
    publisher = {Institute of Electrical and Electronics Engineers Inc.},
    isbn = {0780395824},
    doi = {10.1109/ICR.2006.343198},
    keywords = {Phased array radar, Scanned range, Scanning radar, etc}
}

@article{Sarkar2006EffectRadarc,
    title = {{Effect of element characteristic on the scanning range of a phased array radar}},
    year = {2006},
    journal = {CIE International Conference of Radar Proceedings},
    author = {Sarkar, Binay K.},
    publisher = {Institute of Electrical and Electronics Engineers Inc.},
    isbn = {0780395824},
    doi = {10.1109/ICR.2006.343198},
    keywords = {Phased array radar, Scanned range, Scanning radar, etc}
}

@misc{ANACOM2023EstastisticasNET.mede,
    title = {{Estast{\'{i}}sticas NET.mede}},
    year = {2023},
    author = {{ANACOM}},
    url = {https://netmede.pt/estatisticas}
}

@misc{NobelPrize.org2023FerdinandBiographical,
    title = {{Ferdinand Braun – Biographical}},
    year = {2023},
    booktitle = {Nobel Prize Outreach},
    author = {{NobelPrize.org}},
    url = {https://www.nobelprize.org/prizes/physics/1909/braun/biographical/}
}

@article{Alexandropoulos2022Full-DuplexDirections,
    title = {{Full-Duplex Massive Multiple-Input, Multiple-Output Architectures: Recent Advances, Applications, and Future Directions}},
    year = {2022},
    journal = {IEEE Vehicular Technology Magazine},
    author = {Alexandropoulos, George C. and Islam, Md Atiqul and Smida, Besma},
    number = {4},
    month = {12},
    pages = {83--91},
    volume = {17},
    publisher = {Institute of Electrical and Electronics Engineers Inc.},
    doi = {10.1109/MVT.2022.3211689},
    issn = {15566080}
}

@article{Zhang2006FutureNetworks,
    title = {{Future transmitter/receiver diversity schemes in broadcast wireless networks}},
    year = {2006},
    journal = {IEEE Communications Magazine},
    author = {Zhang, Yue and Cosmas, John and Song, Yong Hua and Bard, Maurice},
    number = {10},
    month = {10},
    pages = {120--127},
    volume = {44},
    doi = {10.1109/MCOM.2006.1710423},
    issn = {01636804}
}

@article{2014IEEEAntennas,
    title = {{IEEE Standard for Definitions of Terms for Antennas}},
    year = {2014},
    pages = {50},
    isbn = {978-0-7381-8927-7},
    keywords = {IEEE 145, antennas, definitions, standard, terms}
}

@article{Divsalar1998ImprovedCDMA,
    title = {{Improved parallel interference cancellation for CDMA}},
    year = {1998},
    journal = {IEEE Transactions on Communications},
    author = {Divsalar, Dariush and Simon, Marvin K.},
    number = {2},
    pages = {258--268},
    volume = {46},
    publisher = {Institute of Electrical and Electronics Engineers Inc.},
    doi = {10.1109/26.659484},
    issn = {00906778},
    keywords = {Communication theory, Spread spectrum communicatons}
}

@article{Lawton2008IsCommunications,
    title = {{Is MIMO the future of wireless communications?}},
    year = {2008},
    journal = {Computer},
    author = {Lawton, G.},
    number = {7},
    month = {2},
    pages = {20--22},
    volume = {37},
    publisher = {Institute of Electrical and Electronics Engineers (IEEE)},
    doi = {10.1109/MC.2004.57},
    issn = {0018-9162}
}

@article{Dong2019Low-costApplications,
    title = {{Low-cost Irregular Subarrayed Wide-Angle Scanning Array Design for 5G and IoT Applications}},
    year = {2019},
    journal = {IEEE International Symposium on Phased Array Systems and Technology},
    author = {Dong, Wei and Xu, Zhen Hai and Xing, Ying and Xiao, Shun Ping},
    month = {10},
    volume = {2019-Octob},
    publisher = {Institute of Electrical and Electronics Engineers Inc.},
    isbn = {9781728130491},
    doi = {10.1109/PAST43306.2019.9021048},
    keywords = {irregular subarray, phased array antenna, wide-angle scanning}
}

@article{Kapusuz2016Low-profileCommunications,
    title = {{Low-profile scalable phased array antenna at Ku-band for mobile satellite communications}},
    year = {2016},
    journal = {IEEE International Symposium on Phased Array Systems and Technology},
    author = {Kapusuz, Kamil Yavuz and Sen, Yakup and Bulut, Metehan and Karadede, Ilter and Oguz, Ugur},
    month = {7},
    volume = {0},
    publisher = {Institute of Electrical and Electronics Engineers Inc.},
    isbn = {9781509014477},
    doi = {10.1109/ARRAY.2016.7832648},
    keywords = {Ku-band, SATCOM on-the-move applications, aperture coupled antennas, mobile satellite terminals, multi layer antennas, phased array}
}

@misc{LTC5589,
    title = {{LTC5589}},
    publisher = {Linear Technology},
    url = {https://www.analog.com/media/en/technical-documentation/data-sheets/5589f.pdf}
}

@misc{2004MC3x063ARegulators,
    title = {{MC3x063A 1.5-A Peak Boost/Buck/Inverting Switching Regulators}},
    year = {2004},
    publisher = {Texas Instruments},
    url = {https://www.ti.com/lit/ds/symlink/mc33063a.pdf?ts=1698468131954}
}

@article{Neumann2016ModularGHz,
    title = {{Modular steerable active phased array antenna at 2.4 GHz}},
    year = {2016},
    journal = {GeMiC 2016 - 2016 German Microwave Conference},
    author = {Neumann, Niels and Hammerschmidt, Christoph and Laabs, Martin and Plettemeier, Dirk},
    month = {4},
    pages = {333--336},
    publisher = {Institute of Electrical and Electronics Engineers Inc.},
    isbn = {9783981266870},
    doi = {10.1109/GEMIC.2016.7461624}
}

@misc{MonolithicPGA-102+,
    title = {{Monolithic Amplifier PGA-102+}},
    publisher = {Mini-Circuits},
    url = {https://www.minicircuits.com/pdfs/PGA-102+.pdf}
}

@misc{NPA1007,
    title = {{NPA1007}},
    publisher = {MACOM},
    url = {https://cdn.macom.com/datasheets/NPA1007.pdf}
}

@misc{OPAx607Systems,
    title = {{OPAx607 50-MHz, Low-Power, Rail-to-Rail Output CMOS Operational Amplifier for Cost Sensitive Systems}},
    publisher = {Texas Instruments},
    url = {https://www.ti.com/lit/ds/symlink/opa607.pdf?ts=1698549580069&ref_url=https%253A%252F%252Fwww.ti.com%252Fproduct%252FOPA607%253Fdcmp%253Ddsproject%2526hqs%253D}
}

@article{Kalachikov2018PerformanceModels,
    title = {{Performance Evaluation of the Detection Algorithms for MIMO Spatial Multiplexing Based on Analytical Wireless MIMO Channel Models}},
    year = {2018},
    journal = {2018 14th International Scientific-Technical Conference on Actual Problems of Electronic Instrument Engineering, APEIE 2018 - Proceedings},
    author = {Kalachikov, Alexander A. and Shelkunov, Nikolai S.},
    month = {11},
    pages = {180--183},
    publisher = {Institute of Electrical and Electronics Engineers Inc.},
    isbn = {9781538670545},
    doi = {10.1109/APEIE.2018.8545229},
    keywords = {MIMO channel sounder, MIMO spatial multiplexing, analytical MIMO channel model, channel parameter estimation, optimal sum of Kronecker product approximation, suboptimal ZF and MMSE detection algorithms}
}

@misc{PhaseJSPHS-2484+,
    title = {{Phase Shifter JSPHS-2484+}},
    publisher = {Mini-Circuits},
    url = {https://www.minicircuits.com/pdfs/JSPHS-2484+.pdf}
}

@article{PhasedEdition,
    title = {{Phased Array Antenna Handbook Second Edition}}
}

@article{Delos2020PhasedFactor,
    title = {{Phased Array Antenna Patterns-Part 1: Linear Array Beam Characteristics and Array Factor}},
    year = {2020},
    author = {Delos, Peter},
    number = {2},
    volume = {54},
    keywords = {antenna patterns, beam steering, phased array}
}

@article{Delos2020PhasedSquint,
    title = {{Phased Array Antenna Patterns-Part 2: Grating Lobes and Beam Squint}},
    year = {2020},
    author = {Delos, Peter},
    number = {2},
    volume = {54},
    keywords = {antenna patterns, beam squint, grating lobes, phased array}
}

@article{Delos2020PhasedTapering,
    title = {{Phased Array Antenna Patterns-Part 3: Sidelobes and Tapering}},
    year = {2020},
    journal = {VISIT ANALOG.COM},
    author = {Delos, Peter and Lead, Technical and Broughton, Bob and Kraft, John},
    number = {3},
    volume = {54},
    keywords = {antenna gain, main lobe beamwidth, quantization errors, sidelobes, tapering}
}

@misc{Delos2020PhasedDevices,
    title = {{Phased Array Antenna Patterns—Part 1: Linear Array Beam Characteristics and Array Factor | Analog Devices}},
    year = {2020},
    author = {Delos, Peter and Broughton, Bob and Kraft, Jon},
    month = {5},
    url = {https://www.analog.com/en/analog-dialogue/articles/phased-array-antenna-patterns-part1.html}
}

@misc{Delos2020PhasedDevicesb,
    title = {{Phased Array Antenna Patterns—Part 2: Grating Lobes and Beam Squint | Analog Devices}},
    year = {2020},
    author = {Delos, Peter and Broughton, Bob and Kraft, Jon},
    month = {6},
    url = {https://www.analog.com/en/analog-dialogue/articles/phased-array-antenna-patterns-part2.html}
}

@misc{Delos2020PhasedDevicesc,
    title = {{Phased Array Antenna Patterns—Part 3: Sidelobes and Tapering | Analog Devices}},
    year = {2020},
    author = {Delos, Peter and Broughton, Bob and Kraft, Jon},
    month = {7},
    url = {https://www.analog.com/en/analog-dialogue/articles/phased-array-antenna-patterns-part3.html}
}

@misc{QSC20,
    title = {{QSC20}},
    publisher = {Qualwave},
    url = {http://www.qualwave.com/products/files/surface-mount-circulators/QSC20.pdf}
}

@article{HanzoQuadratureSystems,
    title = {{Quadrature Amplitude Modulation: From Basics to Adaptive Trellis-Coded, Turbo-Equalised and Space-Time Coded OFDM, CDMA and MC-CDMA Systems}},
    author = {Hanzo, L and Ng, S X and Keller, T and Webb, W T}
}

@book{Hanzo2011QuadratureEdition,
    title = {{Quadrature amplitude modulation: From basics to adaptive trellis-coded, turbo-equalised and space-time coded OFDM, CDMA and MC-CDMA systems second edition}},
    year = {2011},
    booktitle = {Quadrature Amplitude Modulation: From Basics to Adaptive Trellis-Coded, Turbo-Equalised and Space-Time Coded OFDM, CDMA and MC-CDMA Systems},
    author = {Hanzo, L. and Ng, S. X. and Keller, T. and Webb, W.},
    doi = {10.1109/9780470010594}
}

@book{Skolnik2008RadarHandbook,
    title = {{Radar Handbook}},
    year = {2008},
    booktitle = {Zhurnal Eksperimental'noi i Teoreticheskoi Fiziki},
    author = {Skolnik, Merrill I},
    pages = {1328},
    publisher = {McGraw-Hill Education},
    url = {https://www.accessengineeringlibrary.com/content/book/9780071485470 https://www.accessengineeringlibrary.com/content/book/9780071485470.abstract},
    isbn = {9780071485470},
    issn = {11292369},
    pmid = {23733112},
    arxivId = {arXiv:1011.1669v3},
    keywords = {radar}
}

@article{Bhattacharyya2020RadiationArrays,
    title = {{Radiation Pattern Analysis of Uniform Rectangular Planar Arrays for Millimeter Wave Communications: Comparative Study with Uniform Linear Arrays}},
    year = {2020},
    journal = {Wireless Personal Communications},
    author = {Bhattacharyya, Sabyasachi and Aruna, G.},
    number = {2},
    month = {5},
    pages = {827--848},
    volume = {112},
    publisher = {Springer},
    doi = {10.1007/S11277-020-07076-W},
    issn = {1572834X},
    keywords = {Antenna array, Array gain, Beamsteering, Beamwidth}
}

@article{Bharati2020RealizationGains,
    title = {{Realization of MIMO Channel Model for Spatial Diversity with Capacity and SNR Multiplexing Gains}},
    year = {2020},
    journal = {International Journal of Computer Information Systems and Industrial Management Applications},
    author = {Bharati, Subrato and Podder, Prajoy and Gandhi, Niketa and Abraham, Ajith},
    month = {4},
    pages = {66--81},
    volume = {12},
    publisher = {Machine Intelligence Research (MIR) Labs},
    url = {https://arxiv.org/abs/2005.02124v1},
    issn = {21507988},
    arxivId = {2005.02124},
    keywords = {Channel capacity, LE, LMMSE, LSE, MIMO, Transceiver impairments}
}

@article{Leifer2016RevisitingWeights,
    title = {{Revisiting a method of beam shaping using phase weights}},
    year = {2016},
    journal = {IEEE International Symposium on Phased Array Systems and Technology},
    author = {Leifer, Mark C.},
    month = {7},
    volume = {0},
    publisher = {Institute of Electrical and Electronics Engineers Inc.},
    isbn = {9781509014477},
    doi = {10.1109/ARRAY.2016.7832607},
    keywords = {Array pattern synthesis, Beam broadening, Beam spoiling, Phase taper, Phase weights, Phase-only, Phased array}
}

@article{Leifer2016RevisitingWeightsb,
    title = {{Revisiting a method of beam shaping using phase weights}},
    year = {2016},
    journal = {IEEE International Symposium on Phased Array Systems and Technology},
    author = {Leifer, Mark C.},
    month = {7},
    volume = {0},
    publisher = {Institute of Electrical and Electronics Engineers Inc.},
    isbn = {9781509014477},
    doi = {10.1109/ARRAY.2016.7832607},
    keywords = {Array pattern synthesis, Beam broadening, Beam spoiling, Phase taper, Phase weights, Phase-only, Phased array}
}

@article{Miura2005S-bandVehicles,
    title = {{S-band active phased array antenna with analog phased shifters using double-balanced mixers for mobile SATCOM vehicles}},
    year = {2005},
    journal = {IEEE Transactions on Antennas and Propagation},
    author = {Miura, Amane and Fujino, Yoshiyuki and Taira, Shinichi and Obara, Noriaki and Tanaka, Masato and Ojima, Takashi and Sakauchi, Koji},
    number = {8 I},
    month = {8},
    pages = {2533--2541},
    volume = {53},
    doi = {10.1109/TAP.2005.852305},
    issn = {0018926X},
    keywords = {Active arrays, Double-balanced mixers (DBMs), Mobile satellite communications, Phase shifters (PSs), Phased arrays}
}

@article{Rusek2013ScalingArrays,
    title = {{Scaling up MIMO : Opportunities and challenges with very large arrays}},
    year = {2013},
    journal = {IEEE Signal Processing Magazine},
    author = {Rusek, Fredrik and Persson, Daniel and Lau, Buon Kiong and Larsson, Erik G. and Marzetta, Thomas L. and Edfors, Ove and Tufvesson, Fredrik},
    number = {1},
    pages = {40--60},
    volume = {30},
    publisher = {Institute of Electrical and Electronics Engineers Inc.},
    doi = {10.1109/MSP.2011.2178495},
    issn = {10535888},
    arxivId = {1201.3210}
}

@article{Nayebi2018Semi-blindSystems,
    title = {{Semi-blind channel estimation for multiuser massive MIMO systems}},
    year = {2018},
    journal = {IEEE Transactions on Signal Processing},
    author = {Nayebi, Elina and Rao, Bhaskar D.},
    number = {2},
    month = {1},
    pages = {540--553},
    volume = {66},
    publisher = {Institute of Electrical and Electronics Engineers Inc.},
    doi = {10.1109/TSP.2017.2771725},
    issn = {1053587X},
    keywords = {Channel estimation, Cramer-Rao bounds, EM algorithm, ML estimator, Massive MIMO, Semi-blind}
}

@article{Yang2017StudyArray,
    title = {{Study on Wide-Angle Scanning Linear Phased Array}},
    year = {2017},
    journal = {2017 IEEE Antennas and Propagation Society International Symposium, Proceedings},
    author = {Yang, Guangwei and Li, Jianying},
    month = {10},
    pages = {491--492},
    volume = {2017-January},
    publisher = {Institute of Electrical and Electronics Engineers Inc.},
    isbn = {9781538632840},
    doi = {10.1109/APUSNCURSINRSM.2017.8072288},
    keywords = {Microstrip antennas, Phased array antennas, Scanning antennas, Wide beam, Wide-angle scanning}
}

@article{Ha2010TheorySystems,
    title = {{Theory and Design of Digital Communication Systems}},
    year = {2010},
    journal = {Theory and Design of Digital Communication Systems},
    author = {Ha, Tri T.},
    month = {10},
    publisher = {Cambridge University Press},
    url = {https://www.cambridge.org/core/books/theory-and-design-of-digital-communication-systems/D2F82DBAECC54CDA4517EF25C6BCA365},
    isbn = {9780521761741},
    doi = {10.1017/CBO9780511778681}
}

@article{Kaniewski2014Three-phaseChopper,
    title = {{Three-phase voltage sag/swell compensator with phase shifter function based on bipolar matrix-reactance chopper}},
    year = {2014},
    journal = {2014 International Symposium on Power Electronics, Electrical Drives, Automation and Motion, SPEEDAM 2014},
    author = {Kaniewski, Jacek},
    pages = {637--642},
    publisher = {IEEE Computer Society},
    isbn = {9781479947492},
    doi = {10.1109/SPEEDAM.2014.6872052},
    keywords = {matrix-reactance chopper (MRC), phase shifter, voltage sag/swell compensator}
}

@article{Longbrake2012TrueRadar,
    title = {{True time-delay beamsteering for radar}},
    year = {2012},
    journal = {National Aerospace and Electronics Conference, Proceedings of the IEEE},
    author = {Longbrake, Matt},
    pages = {246--249},
    publisher = {Institute of Electrical and Electronics Engineers Inc.},
    isbn = {9781467327916},
    doi = {10.1109/NAECON.2012.6531062}
}

@article{Shadi2022UniformArrays,
    title = {{Uniform Overlap Feeding Network to Reduce the Number of Phase Shifters in Scan Arrays}},
    year = {2022},
    journal = {2022 International Symposium on Antennas and Propagation, ISAP 2022},
    author = {Shadi, Maryam and Tavakol, Mohammad Reza and Alibakhshikenari, Mohammad and Arpanaei, Farhad and Falcone, Francisco},
    pages = {541--542},
    publisher = {Institute of Electrical and Electronics Engineers Inc.},
    isbn = {9781665479622},
    doi = {10.1109/ISAP53582.2022.9998734},
    keywords = {Phased array antenna, feeding network, millimeter-wave, overlap subarray}
}

@misc{UtiliboxCUR-793,
    title = {{Utilibox (style E) CU-793 {\&} CUR-793}},
    publisher = {Bud Insdustries},
    url = {https://www.budind.com/wp-content/uploads/2019/01/hb793.pdf}
}

@article{Mascarenhas2006VoltageTechnology,
    title = {{Voltage controlled phase shifters on CMOS technology}},
    year = {2006},
    journal = {Asia-Pacific Microwave Conference Proceedings, APMC},
    author = {Mascarenhas, Guilherme and Caldinhas Vaz, J. and Costa Freire, J.},
    pages = {19--20},
    volume = {1},
    isbn = {4902339080},
    doi = {10.1109/APMC.2006.4429370}
}

@article{Sikina2010WideArrays,
    title = {{Wide Angle Impedance Matching techniques for volumetrically scanned phased arrays}},
    year = {2010},
    journal = {IEEE International Symposium on Phased Array Systems and Technology},
    author = {Sikina, Thomas V.},
    pages = {924--929},
    isbn = {9781424451272},
    doi = {10.1109/ARRAY.2010.5613252}
}

@article{Ji2019Wide-angleAntenna,
    title = {{Wide-angle scanning phased array antenna}},
    year = {2019},
    journal = {2019 IEEE International Symposium on Antennas and Propagation and USNC-URSI Radio Science Meeting, APSURSI 2019 - Proceedings},
    author = {Ji, Bowen and Yang, Gu},
    month = {7},
    pages = {2065--2066},
    publisher = {Institute of Electrical and Electronics Engineers Inc.},
    isbn = {9781728106922},
    doi = {10.1109/APUSNCURSINRSM.2019.8889234},
    keywords = {High impedance periodic structure, Microstrip antenna, Phased antenna array, Wide-angle scanning}
}

@article{Kasemir2009WidebandBeamforming,
    title = {{Wideband analog and digital beamforming}},
    year = {2009},
    journal = {9th International Conference on Telecommunications in Modern Satellite, Cable, and Broadcasting Services, TELSIKS 2009 - Proceedings of Paper},
    author = {Kasemir, Paul and Sutton, Nathan and Radway, Matthew and Jeong, Bongsik and Brown, Tom and Filipovi{\'{c}}, Dejan S.},
    month = {12},
    pages = {372--375},
    isbn = {9781424443833},
    doi = {10.1109/TELSKS.2009.5339545},
    keywords = {Beamforming Network, Digital beamformer, FPGA, Multi-arm spiral, Spiral antenna}
}

@article{Yan2019WidebandLattice,
    title = {{Wideband Wide-scanning Phased Array of U-slot Microstrip Antenna Elements in Triangular Lattice}},
    year = {2019},
    journal = {IEEE International Symposium on Phased Array Systems and Technology},
    author = {Yan, Binyun and Sheng, Weixing and Shi, Chenyun and Lu, Jie and Xu, Huiwen},
    month = {10},
    volume = {2019-October},
    publisher = {Institute of Electrical and Electronics Engineers Inc.},
    isbn = {9781728130491},
    doi = {10.1109/PAST43306.2019.9020972},
    keywords = {U-slot microstrip antenna, active phased array, wide-scanning, wideband}
}

@article{Goldsmith2005WirelessCommunications,
    title = {{Wireless communications}},
    year = {2005},
    journal = {Wireless Communications},
    author = {Goldsmith, Andrea},
    month = {1},
    pages = {1--644},
    volume = {9780521837163},
    publisher = {Cambridge University Press},
    url = {https://www.cambridge.org/core/books/wireless-communications/800BA8A8211FBECB133A7BB77CD2E2BD},
    isbn = {9780511841224},
    doi = {10.1017/CBO9780511841224}
}